@BOOK{Preparata89,
	author = "Препарата,Ф. and Шеймос,М.",
	title =  "Вычислительная геометрия: Введение",
	address = "М.",
	publisher = "Мир",
	year = 1989,
	numpages = 478,
	language = "russian"
}

@BOOK{Hopk00,
	author = "Хопкрофт,Дж. and Ульман,Дж. and Ахо,А.",
	title =  "Структуры данных и алгоритмы",
	address = "М.",
	publisher = "Издательский дом ``Вильямс'' ",
	year = 2000,
	numpages = 384,
	language = "russian"
}
@BOOK{Megiddo,
	author = "Megiddo,N.",
	title =  "Linear time algorithms for linear programming in $R^{3}$ and related problems.",
	address = "",
	publisher = "SIAM ",
	year = 1983,
	numpages = 776,
	language = "english"
}
 
@MISC{doe:website,
      AUTHOR = "John Doe",
      TITLE = "the website title",
      MONTH = feb,
      YEAR = 2011,
      NOTE = "url{http://whereever/file.ext}"
}